@misc{coreelectronics, title={https://core-electronics.com.au/lithium-ion-battery-pack-2-2ah-usb.html}} 
@misc{stepcalc, title={https://www.daycounter.com/Calculators/Stepper-Motor-Calculator.phtml}}

