@misc{Walbran,
  author        = {Mark Walbran},
  title         = {Prosthetic Hand Development for Landmine Victims},
  month         = {August},
  year          = {2018},
  publisher     = {University of Melbourne}
}

@article{Pylatiuk,
  title={Results of an Internet survey of myoelectric prosthetic hand users},
  author={Pylatiuk, Christian and Schulz, Stefan and D{\"o}derlein, Leonhard},
  journal={Prosthetics and orthotics international},
  volume={31},
  number={4},
  pages={362--370},
  year={2007},
  publisher={Taylor \& Francis}
}

@article{Peerdeman,
  title={Myoelectric forearm prostheses: state of the art from a user-centered perspective.},
  author={Peerdeman, Bart and Boere, Daphne and Witteveen, Heidi and Hermens, Hermie and Stramigioli, Stefano and Rietman, Hans and Veltink, Peter and Misra, Sarthak and others},
  journal={Journal of Rehabilitation Research \& Development},
  volume={48},
  number={6},
  year={2011}
}

@inproceedings{Slade,
  title={Tact: Design and performance of an open-source, affordable, myoelectric prosthetic hand},
  author={Slade, Patrick and Akhtar, Aadeel and Nguyen, Mary and Bretl, Timothy},
  booktitle={Robotics and Automation (ICRA), 2015 IEEE International Conference on},
  pages={6451--6456},
  year={2015},
  organization={IEEE}
}

@misc{Armfield,
  author        = {Adam Armfield},
  title         = {e-NABLE Presentation},
  month         = {August},
  year          = {2018},
  publisher     = {University of Melbourne}
}

@article{Belter,
  title={Mechanical design and performance specifications of anthropomorphic prosthetic hands: A review},
  author={Belter, Joseph, and Segil, Jacob and Dollar, Aaron and Weir, Richard},
  journal={Journal of Rehabilitation Research \& Development},
  volume={50},
  number={5},
  pages={599--618},
  year={2013}
}

@article{Cordella,
  title={Literature Review on Needs of Upper Limb Prosthesis Users},
  author={Cordella, Francesca and Ciancio, Anna and Sacchetti, Rinaldo and Davalli, Angelo and Cutti, Andrea and Guglielmelli, Eugliemelli and Zollo, Loredana},
  journal={Frontiers in Neuroscience},
  volume={10},
  year={2016}
}

@electronic{LaE,
 author = {L\&E Global},
 title = {Working Conditions in Colombia},
 url = {https://knowledge.leglobal.org/working-conditions-in-colombia/},
 urldate = {14.08.2018},
 originalyear = {02.12.2014}
}

@misc{Cooper, 
 title={Noise},
 url={https://www.safeworkaustralia.gov.au/noise},
 journal={Safe Work Australia}, publisher={Safe Work Australia},
 author={Cooper, Suzanne},
 year={2017},
 month={Mar}
} 


@article{Anthropometric,
  title={1988 Anthropometric Survey of U.S. Personnel: Summary Statistics Interim Report},
  author={Gordon, Claire C. et. al},
  year={1989}
}