@article{mottardunderactuated,
  title={Underactuated tendon-driven robotic/prosthetic hands: design issues},
  author={Mottard, Annick and Lalibert{\'e}, Thierry and Gosselin, Cl{\'e}ment}
}